@article{Jones_1992,
    title={Implementing lazy functional languages on stock hardware: the Spineless Tagless G-machine},
    volume={2},
    DOI={10.1017/S0956796800000319},
    number={2},
    journal={Journal of Functional Programming},
    author={Jones, Simon L. Peyton},
    year={1992},
    pages={127–202}
}

@article{Efficient_Lazy,
    author = {Johnsson, Thomas},
    title = {Efficient compilation of lazy evaluation},
    year = {1984},
    issue_date = {June 1984},
    publisher = {Association for Computing Machinery},
    address = {New York, NY, USA},
    volume = {19},
    number = {6},
    issn = {0362-1340},
    url = {https://doi.org/10.1145/502949.502880},
    doi = {10.1145/502949.502880},
    journal = {SIGPLAN Not.},
    month = {6},
    pages = {58–69},
    numpages = {12},
}

@article{ball1996software,
  title={Software visualization in the large},
  author={Ball, Thomas and Eick, Stephen G},
  journal={Computer},
  volume={29},
  number={4},
  pages={33--43},
  year={1996},
  publisher={IEEE}
}
@book{brown1987algorithm,
  title={Algorithm animation},
  author={Brown, Marc H},
  year={1987},
  publisher={Brown University}
}

@misc{algo-vis,
    label = {Algo},
    url = {https://algorithm-visualizer.org/},
}
@misc{cscircles-vis,
    label = {CSC},
    url = {https://cscircles.cemc.uwaterloo.ca/visualize},
}
@misc{visualize-cbn,
    label = {CBN},
    url = {https://well-typed.com/blog/2017/09/visualize-cbn/},
}
@misc{SPARTAN,
    label = {SPARTAN},
    url = {https://tnttodda.github.io/Spartan-Visualiser/}
}