@misc{ohmjs,
    label={OhmJS},
    url={https://ohmjs.org/}
}

@misc{antlr4,
    label={ANTLR},
    url={https://www.npmjs.com/package/antlr4}
}

@misc{cytoscape,
    label = {cytoscape.js},
    url = {https://js.cytoscape.org/},
}

@inbook{Syme2007,
    author="Syme, Don
    and Granicz, Adam
    and Cisternino, Antonio",
    title="Lexing and Parsing",
    bookTitle="Expert F{\#}",
    year="2007",
    publisher="Apress",
    address="Berkeley, CA",
    pages="461--489",
    isbn="978-1-4302-0285-1",
    doi="10.1007/978-1-4302-0285-1_16",
    url="https://doi.org/10.1007/978-1-4302-0285-1_16"
}