@article{steenvoorden2017visual,
    title={Visual Support for Learning Monads},
    author={Steenvoorden, Tim and Stutterheim, Jurri{\"e}n and Barendsen, Erik and Plasmeijer, Rinus},
    year={2017},
    publisher={[Sl]: GSTF}
}

@article{segal1994empirical,
    title={Empirical studies of functional programming learners evaluating recursive functions},
    author={Segal, Judith},
    journal={Instructional Science},
    volume={22},
    pages={385--411},
    year={1994},
    publisher={Springer}
}

@phdthesis{gordon1992functional,
    author = {Gordon, Andy},
    title = {Functional Programming and Input/Output},
    organization = {Cambridge University Press},
    year = {1992},
    month = {8},
    url = {https://www.microsoft.com/en-us/research/publication/functional-programming-input-output/},
}

@inproceedings{gordon1995monadic,
    title={Monadic i/o in haskell 1.3},
    author={Gordon, Andrew D and Hammond, Kevin},
    booktitle={Proceedings of the haskell Workshop},
    pages={50--69},
    year={1995},
    organization={Citeseer}
}

@inbook{peytonjones2001tackling,
    author = {Peyton Jones, Simon},
    title = {Tackling the awkward squad: monadic input/output, concurrency, exceptions, and foreign-language calls in Haskell},
    booktitle = {Engineering theories of software construction},
    year = {2001},
    month = {1},
    publisher = {IOS Press},
    url = {https://www.microsoft.com/en-us/research/publication/tackling-awkward-squad-monadic-inputoutput-concurrency-exceptions-foreign-language-calls-haskell/},
    pages = {47-96},
    isbn = {ISBN 1 58603 1724},
}

@article{10.1093/comjnl/32.2.98,
    author = {Hughes, J.},
    title = "{Why Functional Programming Matters}",
    journal = {The Computer Journal},
    volume = {32},
    number = {2},
    pages = {98-107},
    year = {1989},
    month = {01},
    issn = {0010-4620},
    doi = {10.1093/comjnl/32.2.98},
    url = {https://doi.org/10.1093/comjnl/32.2.98},
    eprint = {https://academic.oup.com/comjnl/article-pdf/32/2/98/1445644/320098.pdf},
}

@article{10.1093/nsr/nwv042,
    author = {Hu, Zhenjiang and Hughes, John and Wang, Meng},
    title = "{How functional programming mattered}",
    journal = {National Science Review},
    volume = {2},
    number = {3},
    pages = {349-370},
    year = {2015},
    month = {07},
    issn = {2095-5138},
    doi = {10.1093/nsr/nwv042},
    url = {https://doi.org/10.1093/nsr/nwv042},
    eprint = {https://academic.oup.com/nsr/article-pdf/2/3/349/31566307/nwv042.pdf},
}

@misc{warwickFP,
    label = {UoW23},
    url = {https://warwick.ac.uk/fac/sci/dcs/teaching/modules/cs141/},
}
@misc{kentFP,
    label = {UoK23},
    url = {https://www.kent.ac.uk/courses/modules/module/COMP5450},
}
@misc{birminghamFP,
    label = {UoB23},
    url = {https://www.cs.bham.ac.uk/internal/modules/2023/06-34253/},
}
@misc{courseraFP,
    label = {Cou},
    url = {https://www.coursera.org/courses?query=functional%20programming}
}