@article{haskell2010,
  title={Haskell 2010 language report},
  author={Marlow, Simon and others},
  year={2010}
}

@article{unification,
    author = {Martelli, Alberto and Montanari, Ugo},
    title = {An Efficient Unification Algorithm},
    year = {1982},
    issue_date = {April 1982},
    publisher = {Association for Computing Machinery},
    address = {New York, NY, USA},
    volume = {4},
    number = {2},
    issn = {0164-0925},
    url = {https://doi.org/10.1145/357162.357169},
    doi = {10.1145/357162.357169},
    journal = {ACM Trans. Program. Lang. Syst.},
    month = {4},
    pages = {258â€“282},
    numpages = {25}
}