@article{functionalErrors,
    author = {Chambers, Christopher and Chen, Sheng and Le, Duc and Scaffidi, Christopher},
    title = {The function, and dysfunction, of information sources in learning functional programming},
    year = {2012},
    issue_date = {October 2012},
    publisher = {Consortium for Computing Sciences in Colleges},
    address = {Evansville, IN, USA},
    volume = {28},
    number = {1},
    issn = {1937-4771},
    journal = {J. Comput. Sci. Coll.},
    month = {oct},
    pages = {220â€“226},
    numpages = {7},
}

@article{whyfunctional,
    author = {Hughes, J.},
    title = "{Why Functional Programming Matters}",
    journal = {The Computer Journal},
    volume = {32},
    number = {2},
    pages = {98-107},
    year = {1989},
    month = {01},
    issn = {0010-4620},
    doi = {10.1093/comjnl/32.2.98},
    url = {https://doi.org/10.1093/comjnl/32.2.98},
    eprint = {https://academic.oup.com/comjnl/article-pdf/32/2/98/1445644/320098.pdf},
}

@article{howfunctional,
    author = {Hu, Zhenjiang and Hughes, John and Wang, Meng},
    title = "{How functional programming mattered}",
    journal = {National Science Review},
    volume = {2},
    number = {3},
    pages = {349-370},
    year = {2015},
    month = {07},
    issn = {2095-5138},
    doi = {10.1093/nsr/nwv042},
    url = {https://doi.org/10.1093/nsr/nwv042},
    eprint = {https://academic.oup.com/nsr/article-pdf/2/3/349/31566307/nwv042.pdf},
}

@article{swaine2008s,
  title={It's time to get good at functional programming},
  author={Swaine, Michael},
  journal={Dr. Dobbs Journal (December 2008), http://www. drdobbs. com},
  year={2008}
}
@article{singer2018functional,
  title={Functional baby talk: analysis of code fragments from novice haskell programmers},
  author={Singer, Jeremy and Archibald, Blair},
  journal={arXiv preprint arXiv:1805.05126},
  year={2018}
}

@misc{warwickFP,
    label = {UoW23},
    url = {https://warwick.ac.uk/fac/sci/dcs/teaching/modules/cs141/},
}
@misc{kentFP,
    label = {UoK23},
    url = {https://www.kent.ac.uk/courses/modules/module/COMP5450},
}
@misc{birminghamFP,
    label = {UoB23},
    url = {https://www.cs.bham.ac.uk/internal/modules/2023/06-34253/},
}
@misc{courseraFP,
    label = {Cou},
    url = {https://www.coursera.org/courses?query=functional%20programming},
}